@MISC{ Tomaszewski1999,
	author = "Tomaszewski, Michał",
	title = "VRML i JAVA (Zastosowania techniki programistycznej Java w tworzeniu rzeczywistości wirtualnej światów VRML",
	year = "1999",
}

@CONFERENCE{ Tomaszewski1998,
	author = "Tomaszewski, Michał",
	title = "Zastosowania multimediów w języku JAVA",
	booktitle = "INFO FESTIWAL 98",
	year = "1998"
}

@ARTICLE{ Tomaszewski2000,
	author = "Tomaszewski, Michał",
	title = "Java w komputerach naręcznych",
	journal = "Software 2.0",
	year = "2000",
	volume = "65",
	number = "5/2000",
	month = "May"
}

@MISC{ NewPermissionsModelInAndroid60,
    author = "developer.android.com",
    title = "Requesting Permissions at Run Time",
    url = "https://developer.android.com/training/permissions/requesting.html",
    notes = "Creative Commons Attribution 2.5"
}

@MISC{ GoogleMapsGeolocationAPI,
    author = "developers.google.com",
    title = "The Google Maps Geolocation API",
    url = "https://developers.google.com/maps/documentation/geolocation/intro",
    notes = "Except as otherwise noted, the content of this page is licensed under the Creative Commons Attribution 3.0 License, and code samples are licensed under the Apache 2.0 License. For details, see our Site Policies. Java is a registered trademark of Oracle and/or its affiliates. Last updated May 8, 2017."
}

@MISC{ GeolokalizacjaSJP,
    title = "geolokalizacja",
    url = "http://sjp.pl/geolokalizacja",
    author = "sjp.pl"
}
@MISC{ GeolokalizacjaWiki,
    title = "Geolokalizacja",
    url = "https://pl.wikipedia.org/wiki/Geolokalizacja",
    author = "pl.wikipedia.org"
}

@ARTICLE{ GpsAccurancyZandbergen,
    author="Zandbergen, P. \& Barbeau, S.",
    year= "2011",
    title= "Positional Accuracy of Assisted GPS Data from High-Sensitivity GPS-enabled Mobile Phones.",
    journal="Journal of Navigation, 64(3), 381-399. doi:10.1017/S0373463311000051",
    url="https://www.cambridge.org/core/journals/journal-of-navigation/article/positional-accuracy-of-assisted-gps-data-from-highsensitivity-gpsenabled-mobile-phones/E1EE20CD1A301C537BEE8EC66766B0A9"
}
    